
@inproceedings{sivaraja2008efficient,
  title={Efficient multiple-keyword search in DHT-based decentralized systems},
  author={Sivaraja, Sivanthan and Thiyagarajah, Mayatheepan and Piranavam, Thiruvarangan and Lung, Chung-Horng and Majumdar, Shikharesh},
  booktitle={2008 International Symposium on Performance Evaluation of Computer and Telecommunication Systems},
  pages={406--412},
  year={2008},
  organization={IEEE}
}

@online{IPFS,
	year = {2020},
	Title = {IPFS Documentation - What is IPFS?},
	url = {https://docs.ipfs.io}
}

@article{benet2014ipfs,
  title={Ipfs-content addressed, versioned, p2p file system},
  author={Benet, Juan},
  journal={arXiv preprint arXiv:1407.3561},
  year={2014}
}

@online{BTFS,
	author = {BitTorrent Inc.},
	year = {2020},
	Title = {BTFS Documentation - What is BTFS?},
	url = {https://docs.btfs.io}
}


@misc{rfc791,
	series =	{Request for Comments},
	number =	791,
	howpublished =	{RFC 791},
	publisher =	{RFC Editor},
	doi =		{10.17487/RFC0791},
	url =		{https://rfc-editor.org/rfc/rfc791.txt},
        author =	{},
	title =		{{Internet Protocol}},
	pagetotal =	51,
	year =		1981,
	month =		sep,
	abstract =	{},
}
@misc{rfc815,
	series =	{Request for Comments},
	number =	815,
	howpublished =	{RFC 815},
	publisher =	{RFC Editor},
	doi =		{10.17487/RFC0815},
	url =		{https://rfc-editor.org/rfc/rfc815.txt},
        author =	{},
	title =		{{IP datagram reassembly algorithms}},
	pagetotal =	8,
	year =		1982,
	month =		jul,
	abstract =	{This RFC describes an alternate approach of dealing with reassembly which reduces the bookkeeping problem to a minimum, and requires only one buffer for storage equal in size to the final datagram being reassembled, which can reassemble a datagram from any number of fragments arriving in any order with any possible pattern of overlap and duplication, and which is appropriate for almost any sort of operating system.},
}

@techreport{ietf-intarea-frag-fragile-17,
	number =	{draft-ietf-intarea-frag-fragile-17},
	type =		{Internet-Draft},
	institution =	{Internet Engineering Task Force},
	publisher =	{Internet Engineering Task Force},
	note =		{Work in Progress},
	url =		{https://datatracker.ietf.org/doc/html/draft-ietf-intarea-frag-fragile-17},
        author =	{Ron Bonica and Fred Baker and Geoff Huston and Bob Hinden and Ole Tr{{\o}}an and Fernando Gont},
	title =		{{IP Fragmentation Considered Fragile}},
	pagetotal =	28,
	year =		2019,
	month =		sep,
	day =		30,
	abstract =	{This document describes IP fragmentation and explains how it introduces fragility to Internet communication. This document also proposes alternatives to IP fragmentation and provides recommendations for developers and network operators.},
}

@inproceedings{maymounkov2002kademlia,
  title={Kademlia: A peer-to-peer information system based on the xor metric},
  author={Maymounkov, Petar and Mazieres, David},
  booktitle={International Workshop on Peer-to-Peer Systems},
  pages={53--65},
  year={2002},
  organization={Springer}
}

@misc{rfc3828,
	series =	{Request for Comments},
	number =	3828,
	howpublished =	{RFC 3828},
	publisher =	{RFC Editor},
	doi =		{10.17487/RFC3828},
	url =		{https://rfc-editor.org/rfc/rfc3828.txt},
        author =	{Lars-Erik Jonsson and Lars-{{\AA}}ke Larzon and Gorry Fairhurst and Stephen Pink and Mikael Degermark},
	title =		{{The Lightweight User Datagram Protocol (UDP-Lite)}},
	pagetotal =	12,
	year =		2004,
	month =		jul,
	abstract =	{This document describes the Lightweight User Datagram Protocol (UDP-Lite), which is similar to the User Datagram Protocol (UDP) (RFC 768), but can also serve applications in error-prone network environments that prefer to have partially damaged payloads delivered rather than discarded. If this feature is not used, UDP-Lite is semantically identical to UDP. {[}STANDARDS-TRACK{]}},
}

@article{tobin2016inevitable,
  title={The inevitable rise of self-sovereign identity},
  author={Tobin, Andrew and Reed, Drummond},
  journal={The Sovrin Foundation},
  volume={29},
  number={2016},
  year={2016}
}

@article{sabadello2018introduction,
  title={Introduction to DID Auth},
  author={Sabadello, Markus and Den Hartog, Kyle and Lundkvist, Christian and Franz, Cedric and Elias, Alberto and Hughes, Andrew and Jordan, John and Zagidulin, Dmitri},
  journal={Rebooting the Web of Trust VI},
  year={2018}
}