@article{FakePaper11,
	title = {Chuck Norris is able to walk on water},
	author = {Guttenberg},
	journal = {Guttenberg Press},
	year = {2011},
	doi = {123.456.789},
	url = {http://www.examplelink.de}
}

@online{FakeWebPage11,
	author = {Guttenberg},
	urldate = {2011-11-11},
	year = {2011},
	month = {11},
	Title = {Video of Chuck Norris walking on water},
	url = {http://www.youtube.com/nonexistentlink}
}

@inproceedings{sivaraja2008efficient,
	title={Efficient multiple-keyword search in DHT-based decentralized systems},
	author={Sivaraja, Sivanthan and Thiyagarajah, Mayatheepan and Piranavam, Thiruvarangan and Lung, Chung-Horng and Majumdar, Shikharesh},
	booktitle={2008 International Symposium on Performance Evaluation of Computer and Telecommunication Systems},
	pages={406--412},
	year={2008},
	organization={IEEE}
}

@online{IPFS,
	year = {2020},
	Title = {IPFS Documentation - What is IPFS?},
	url = {https://docs.ipfs.io}
}

@article{benet2014ipfs,
	title={Ipfs-content addressed, versioned, p2p file system},
	author={Benet, Juan},
	journal={arXiv preprint arXiv:1407.3561},
	year={2014}
}

@online{BTFS,
	author = {BitTorrent Inc.},
	year = {2020},
	Title = {BTFS Documentation - What is BTFS?},
	url = {https://docs.btfs.io}
}


@misc{rfc791,
	series =	{Request for Comments},
	number =	791,
	howpublished =	{RFC 791},
	publisher =	{RFC Editor},
	doi =		{10.17487/RFC0791},
	url =		{https://rfc-editor.org/rfc/rfc791.txt},
	author =	{},
	title =		{{Internet Protocol}},
	pagetotal =	51,
	year =		1981,
	month =		sep,
	abstract =	{},
}
@misc{rfc815,
	series =	{Request for Comments},
	number =	815,
	howpublished =	{RFC 815},
	publisher =	{RFC Editor},
	doi =		{10.17487/RFC0815},
	url =		{https://rfc-editor.org/rfc/rfc815.txt},
	author =	{},
	title =		{{IP datagram reassembly algorithms}},
	pagetotal =	8,
	year =		1982,
	month =		jul,
	abstract =	{This RFC describes an alternate approach of dealing with reassembly which reduces the bookkeeping problem to a minimum, and requires only one buffer for storage equal in size to the final datagram being reassembled, which can reassemble a datagram from any number of fragments arriving in any order with any possible pattern of overlap and duplication, and which is appropriate for almost any sort of operating system.},
}

@techreport{ietf-intarea-frag-fragile-17,
	number =	{draft-ietf-intarea-frag-fragile-17},
	type =		{Internet-Draft},
	institution =	{Internet Engineering Task Force},
	publisher =	{Internet Engineering Task Force},
	note =		{Work in Progress},
	url =		{https://datatracker.ietf.org/doc/html/draft-ietf-intarea-frag-fragile-17},
	author =	{Ron Bonica and Fred Baker and Geoff Huston and Bob Hinden and Ole Tr{{\o}}an and Fernando Gont},
	title =		{{IP Fragmentation Considered Fragile}},
	pagetotal =	28,
	year =		2019,
	month =		sep,
	day =		30,
	abstract =	{This document describes IP fragmentation and explains how it introduces fragility to Internet communication. This document also proposes alternatives to IP fragmentation and provides recommendations for developers and network operators.},
}

@inproceedings{maymounkov2002kademlia,
	title={Kademlia: A peer-to-peer information system based on the xor metric},
	author={Maymounkov, Petar and Mazieres, David},
	booktitle={International Workshop on Peer-to-Peer Systems},
	pages={53--65},
	year={2002},
	organization={Springer}
}

@misc{rfc3828,
	series =	{Request for Comments},
	number =	3828,
	howpublished =	{RFC 3828},
	publisher =	{RFC Editor},
	doi =		{10.17487/RFC3828},
	url =		{https://rfc-editor.org/rfc/rfc3828.txt},
	author =	{Lars-Erik Jonsson and Lars-{{\AA}}ke Larzon and Gorry Fairhurst and Stephen Pink and Mikael Degermark},
	title =		{{The Lightweight User Datagram Protocol (UDP-Lite)}},
	pagetotal =	12,
	year =		2004,
	month =		jul,
	abstract =	{This document describes the Lightweight User Datagram Protocol (UDP-Lite), which is similar to the User Datagram Protocol (UDP) (RFC 768), but can also serve applications in error-prone network environments that prefer to have partially damaged payloads delivered rather than discarded. If this feature is not used, UDP-Lite is semantically identical to UDP. {[}STANDARDS-TRACK{]}},
}

@article{tobin2016inevitable,
	title={The inevitable rise of self-sovereign identity},
	author={Tobin, Andrew and Reed, Drummond},
	journal={The Sovrin Foundation},
	volume={29},
	number={2016},
	year={2016}
}

@article{sabadello2018introduction,
	title={Introduction to DID Auth},
	author={Sabadello, Markus and Den Hartog, Kyle and Lundkvist, Christian and Franz, Cedric and Elias, Alberto and Hughes, Andrew and Jordan, John and Zagidulin, Dmitri},
	journal={Rebooting the Web of Trust VI},
	year={2018}
}

@misc{alliance2009ethernet,
	title={Ethernet jumbo frames},
	author={Alliance, Ethernet and Kohl, Blaine},
	year={2009},
	publisher={November}
}

@book{lueg2012usenet,
	title={From Usenet to CoWebs: interacting with social information spaces},
	author={Lueg, Christopher and Fisher, Danyel},
	year={2012},
	publisher={Springer Science \& Business Media}
}

@inproceedings{schollmeier2001definition,
	title={A definition of peer-to-peer networking for the classification of peer-to-peer architectures and applications},
	author={Schollmeier, R{\"u}diger},
	booktitle={Proceedings First International Conference on Peer-to-Peer Computing},
	pages={101--102},
	year={2001},
	organization={IEEE}
}

@article{lua2005survey,
	title={A survey and comparison of peer-to-peer overlay network schemes},
	author={Lua, Eng Keong and Crowcroft, Jon and Pias, Marcelo and Sharma, Ravi and Lim, Steven},
	journal={IEEE Communications Surveys \& Tutorials},
	volume={7},
	number={2},
	pages={72--93},
	year={2005},
	publisher={IEEE}
}

@online{sandvine,
	author = {sandvine},
	year = {2011},
	Title = {Global Internet Phenomena Report 2011},
	url = {https://www.sandvine.com/hubfs/Sandvine_Redesign_2019/Downloads/Internet%20Phenomena/2011-1h-global-internet-phenomena-report.pdf}
}

@online{netflix,
	author = {Netflix},
	year = {2021},
	Title = {Netflix},
	url = {https://www.netflix.com/}
}

@online{hulu,
	author = {Hulu, LLC},
	year = {2021},
	Title = {hulu},
	url = {https://www.hulu.com/}
}

@online{amazon,
	author = {Amazon.com, Inc.},
	year = {2021},
	Title = {Amazon},
	url = {https://www.primevideo.com}
}

@article{chokkalingam2004bittorrent,
	title={BitTorrent protocol specification v 1.0},
	author={Chokkalingam, Arun and Riyaz, Firasath},
	journal={CSI 5321},
	year={2004}
}

@book{druschel2003peer,
	title={Peer-to-Peer Systems: First International Workshop, IPTPS 2002, Cambridge, MA, USA, March 7-8, 2002, Revised Papers},
	author={Druschel, Peter and Kaashoek, Frans and Rowstron, Antony},
	volume={2429},
	year={2003},
	publisher={Springer}
}

@inproceedings{ratnasamy2002routing,
	title={Routing algorithms for DHTs: Some open questions},
	author={Ratnasamy, Sylvia and Stoica, Ion and Shenker, Scott},
	booktitle={International workshop on peer-to-peer systems},
	pages={45--52},
	year={2002},
	organization={Springer}
}

@inproceedings{rowstron2001pastry,
	title={Pastry: Scalable, decentralized object location, and routing for large-scale peer-to-peer systems},
	author={Rowstron, Antony and Druschel, Peter},
	booktitle={IFIP/ACM International Conference on Distributed Systems Platforms and Open Distributed Processing},
	pages={329--350},
	year={2001},
	organization={Springer}
}

@article{stoica2001chord,
	title={Chord: A scalable peer-to-peer lookup service for internet applications},
	author={Stoica, Ion and Morris, Robert and Karger, David and Kaashoek, M Frans and Balakrishnan, Hari},
	journal={ACM SIGCOMM Computer Communication Review},
	volume={31},
	number={4},
	pages={149--160},
	year={2001},
	publisher={ACM New York, NY, USA}
}

@article{zhao2001tapestry,
	title={Tapestry: An infrastructure for fault-tolerant wide-area location and routing},
	author={Zhao, Ben Yanbin and Kubiatowicz, John and Joseph, Anthony D and others},
	year={2001},
	publisher={Citeseer}
}

@inproceedings{lavoie2017xor,
	title={Xor-overlay Topology Management Beyond Kademlia},
	author={Lavoie, Erick and Correia, Miguel and Hendren, Laurie},
	booktitle={2017 IEEE 11th International Conference on Self-Adaptive and Self-Organizing Systems (SASO)},
	pages={51--60},
	year={2017},
	organization={IEEE}
}

@online{experimentingwithquic,
	year = {2020},
	Title = {Experimenting with QUIC},
	url = {https://blog.chromium.org/2013/06/experimenting-with-quic.html}
}

@misc{drafttsvwgquicprotocol02,
	series =	{Internet-Draft},
	publisher =	{IETF},
	url =		{https://tools.ietf.org/html/draft-tsvwg-quic-protocol-02},
	author =	{R. Hamilton, J. Iyengar, I. Swett, A. Wilk},
	title =		{QUIC: A UDP-Based Secure and Reliable Transport for HTTP/2
	draft-tsvwg-quic-protocol-0},
	pagetotal =	37,
	year =		2016,
	month =		Jan,
	abstract =	{QUIC (Quick UDP Internet Connection) is a new multiplexed and secure
	transport atop UDP, designed from the ground up and optimized for
	HTTP/2 semantics.  While built with HTTP/2 as the primary application
	protocol, QUIC builds on decades of transport and security
	experience, and implements mechanisms that make it attractive as a
	modern general-purpose transport.  QUIC provides multiplexing and
	flow control equivalent to HTTP/2, security equivalent to TLS, and
	connection semantics, reliability, and congestion control equivalent
	to TCP.},
}

@inproceedings{nalawade2018comparison,
	title={Comparison of Present-day Transport Layer network Protocols and Google's QUIC},
	author={Nalawade, Omkar and Dhanwani, Amit and Prabhu, Tejashree},
	booktitle={2018 International Conference on Smart City and Emerging Technology (ICSCET)},
	pages={1--8},
	year={2018},
	organization={IEEE}
}

@ARTICLE{8457469,
	author={},
	journal={IEEE Std 802.3-2018 (Revision of IEEE Std 802.3-2015)}, 
	title={IEEE Standard for Ethernet}, 
	year={2018},
	volume={},
	number={},
	pages={1-5600},
	doi={10.1109/IEEESTD.2018.8457469}}

@inproceedings{katre2019impact,
	title={Impact of Variable MTU Size of Voice Packet To Reduce Packet Loss In Bandwidth Constraint Military Network},
	author={Katre, Sunita and Goswami, Aakansha and Mishra, Prashant and Bapat, Jyotsna and Das, Debabrata},
	booktitle={2019 IEEE 5th International Conference for Convergence in Technology (I2CT)},
	pages={1--5},
	year={2019},
	organization={IEEE}
}

@online{experimentingwithquic,
	year = {2010},
	Title = {Autotools Tutorial},
	url = {https://www.gnu.org/software/automake/manual/html_node/Autotools-Introduction.html}
}

@online{BoringSSL,
	year = {2021},
	Title = {BoringSSL},
	url = {https://boringssl.googlesource.com/boringssl/}
}

@online{lsquic,
	year = {2021},
	Title = {LSQUICLSQUIC Documentation},
	url = {https://lsquic.readthedocs.io/}
}

@online{Raspberry,
	year = {2015},
	Title = {Raspberry Pi 3 Model B},
	url = {https://www.raspberrypi.org/products/raspberry-pi-3-model-b/}
}

@online{Libsodium,
	year = {2020},
	Title = {Libsodium Documentation},
	url = {https://libsodium.gitbook.io/doc/}
}

@book{menezes2018handbook,
	title={Handbook of applied cryptography},
	author={Menezes, Alfred J and Van Oorschot, Paul C and Vanstone, Scott A},
	year={2018},
	publisher={CRC press}
}

@article{fairhurst2018packetization,
	title={Packetization layer path mtu discovery for datagram transports},
	author={Fairhurst, Godred and Jones, Tom and Txen, M and Ruengeler, Irene},
	journal={Internet Engineering Task Force, Internet-Draft draftietf-tsvwg-datagram-plpmtud-01},
	year={2018}
}

@article{fairhurst2017benefits,
	title={The Benefits of Using Explicit Congestion Notification (ECN)},
	author={Fairhurst, G and Welzl, M},
	journal={RCF 8087},
	year={2017}
}

@misc{draftjohanssonquicecn00,
	series =	{Internet-Draft},
	publisher =	{IETF},
	url =		{https://tools.ietf.org/html/draft-johansson-quic-ecn-00#ref-I-D.ietf-aqm-ecn-benefits},
	author =	{I. Johansson},
	title =		{ ECN support in QUIC
	draft-johansson-quic-ecn-00},
	pagetotal =	10,
	year =		2017,
	month =		Jan,
	abstract =	{ This memo outlines the ECN support in QUIC.  The intention is that
	most of the material ends up updating other new or existing QUIC
	protocol specifications, thus it may be possible that this draft does
	not warrant a working group status.},
}

@online{zlib,
	year = {2017},
	Title = {A Massively Spiffy Yet Delicately Unobtrusive Compression Library},
	url = {https://www.zlib.net}
}

@online{hpack,
	year = {2020},
	Title = {LS-HPACK: LiteSpeed HPACK Library},
	url = {https://github.com/litespeedtech/ls-hpack}
}

@online{lsqpack,
	year = {2020},
	Title = {ls-qpack},
	url = {https://github.com/litespeedtech/ls-qpack}
}


@misc{draftietfquicqpack21,
	series =	{Internet-Draft},
	publisher =	{IETF},
	url =		{https://tools.ietf.org/html/draft-ietf-quic-qpack-21},
	author =	{C. Krasic},
	title =		{QPACK: Header Compression for HTTP/3
	draft-ietf-quic-qpack-21
	},
	pagetotal =	50,
	year =		2021,
	month =		Feb,
	abstract =	{ This specification defines QPACK, a compression format for
	efficiently representing HTTP fields, to be used in HTTP/3.  This is
	a variation of HPACK compression that seeks to reduce head-of-line
	blocking.},
}

@misc{TheNetworkAccessIdentifier,
	series =	{Internet-Draft},
	publisher =	{IETF},
	url =		{https://rfc-editor.org/rfc/rfc7542.txt},
	author =	{A. DeKok},
	title =		{The Network Access Identifier},
	pagetotal =	30,
	year =		2015,
	month =		May,
	abstract =	{ In order to provide inter-domain authentication services, it is
	necessary to have a standardized method that domains can use to
	identify each other's users.  This document defines the syntax for
	the Network Access Identifier (NAI), the user identifier submitted by
	the client prior to accessing resources.  This document is a revised
	version of RFC 4282.  It addresses issues with international
	character sets and makes a number of other corrections to RFC 4282.},
}

@inproceedings{medrano2013effect,
	title={On the effect of peer online times on the lookup service of chord and kademlia p2p systems},
	author={Medrano-Chavez, Adan G and Perez-Cortes, Elizabeth and Lopez-Guerrero, Miguel},
	booktitle={2013 IEEE Latin-America Conference on Communications},
	pages={1--6},
	year={2013},
	organization={IEEE}
}

@incollection{bustamante2004friendships,
	title={Friendships that last: Peer lifespan and its role in P2P protocols},
	author={Bustamante, Fabian E and Qiao, Yi},
	booktitle={Web content caching and distribution},
	pages={233--246},
	year={2004},
	publisher={Springer}
}

@inproceedings{stutzbach2006understanding,
	title={Understanding churn in peer-to-peer networks},
	author={Stutzbach, Daniel and Rejaie, Reza},
	booktitle={Proceedings of the 6th ACM SIGCOMM conference on Internet measurement},
	pages={189--202},
	year={2006}
}