@article{FakePaper11,
	title = {Chuck Norris is able to walk on water},
	author = {Guttenberg},
	journal = {Guttenberg Press},
	year = {2011},
	doi = {123.456.789},
	url = {http://www.examplelink.de}
}


@inproceedings{sivaraja2008efficient,
  title={Efficient multiple-keyword search in DHT-based decentralized systems},
  author={Sivaraja, Sivanthan and Thiyagarajah, Mayatheepan and Piranavam, Thiruvarangan and Lung, Chung-Horng and Majumdar, Shikharesh},
  booktitle={2008 International Symposium on Performance Evaluation of Computer and Telecommunication Systems},
  pages={406--412},
  year={2008},
  organization={IEEE}
}